@ARTICLE{Feist2006,
  author = {Feist, Adam M. and Scholten, Johannes C M. and Palsson, Bernhard Ø. and Brockman, Fred J. and Ideker, Trey},
title = {Modeling methanogenesis with a genome-scale metabolic reconstruction of \emph{{M}ethanosarcina barkeri}.},
  journal = {Mol Syst Biol},
  year = {2006},
  volume = {2},
  pages = {2006.0004}
}
@ARTICLE{Varma1994,
  author = {Varma, A. and Palsson, B. O.},
  title = {Stoichiometric flux balance models quantitatively predict growth and metabolic by-product secretion in wild-type Escherichia coli W3110.},
  journal = {Appl Environ Microbiol},
  year = {1994},
  volume = {60},
  pages = {3724--3731},
  number = {10},
  month = {Oct}
}
@ARTICLE{Orth2010,
  author = {Orth, Jeffrey D. and Thiele, Ines and Palsson, Bernhard Ø.},
  title = {What is flux balance analysis?},
  journal = {Nat Biotechnol},
  year = {2010},
  volume = {28},
  pages = {245--248},
  number = {3},
  month = {Mar},
  doi = {10.1038/nbt.1614}
}
